@book{oglshadingbook,
    author = {David Wolff},
    title = "OpenGL 4.0 Shading Language",
    year = "2011" 
}

@online{snowpdf,
    author = {Tam√°s Umenhoffer},
    title = {Simulating snow with the material point method},
    year = {2015},
    url = {http://cg.iit.bme.hu/~umitomi/publications/WAIT2015_snow.pdf}
}

@online{prtsite,
    title = {PRT File Format v1.1},
    url = {http://www.thinkboxsoftware.com/krak-prt-11-file-format/}
}

@online{wiki:zlib,
  title = "zlib --- {W}ikipedia{,} The Free Encyclopedia",
  url = {https://en.wikipedia.org/wiki/Zlib},
}

@online{glsltutorial,
    title = {TyphoonLabs' OpenGL Shading Language tutorials},
    author = {Jacobo Rodriguez Villar},
    url = {https://www.opengl.org/sdk/docs/tutorials/TyphoonLabs/}
}

@online{glmsite,
    title = {OpenGL Mathematics},
    url = {https://glm.g-truc.net/0.9.9/index.html}
}

@online{colorbutton,
    title = {ColorButton code},
    url = {https://stackoverflow.com/questions/282938/show-result-of-color-selection-in-qt?utm_medium=organic&utm_source=google_rich_qa&utm_campaign=google_rich_qa}
}

@online{normalvector,
    title = {Normal calculation in shader},
    url = {https://gamedev.stackexchange.com/questions/154854/how-do-i-implement-flat-shading-in-glsl}
}

@online{qthistory,
    title = {A Brief History of Qt},
    url = {https://rtime.felk.cvut.cz/osp/prednasky/gui/the-qt-story/}
}

@online{qtdocumentation,
    title = {Qt Documentation},
    url = {doc.qt.io}
}


@online{qtmodelview,
    title = {Qt Model/View Programming},
    url = {http://doc.qt.io/qt-5/model-view-programming.html}
}

@online{qtsignalslot,
    title = {Qt Signals and Slots},
    url = {http://doc.qt.io/qt-5/signalsandslots.html}
}

@online{wiki:git,
  title = {Git --- {W}ikipedia{,} The Free Encyclopedia},
  url = {https://en.wikipedia.org/wiki/Git},
}

@online{wiki:vtk,
  title = {VTK --- {W}ikipedia{,} The Free Encyclopedia},
  url = {https://en.wikipedia.org/wiki/VTK},
}

@online{wiki:cmake,
  title = {CMake --- {W}ikipedia{,} The Free Encyclopedia},
  url = {https://en.wikipedia.org/wiki/CMake}
}

@online{mainwindowlayout,
  title = {Image --- Main window layout},
  url = {http://doc.qt.io/qt-5/images/mainwindowlayout.png}
}

@online{mvcoriginal,
  title = {Image --- Original MVC pattern},
  url = {http://stephenwalther.com/images/StephenWalther_com/blog/WindowsLiveWriter/TheEvolutionofMVC_CBBD/image_2.png}
}

@online{mvprogramming,
  title = {Image --- Qt Model View overview},
  url = {http://doc.qt.io/qt-5/images/modelview-overview.png},
}

@online{glfw,
  title = {GLFW library},
  url = {https://www.glfw.org/} 
}

@online{anttweakbar,
  title = {AntTweakBar library},
  url = {https://github.com/tschw/AntTweakBar}
}

@article{mvchistory,
  author = {Stephen Walter},
  title = {MVC history},
  url = {http://stephenwalther.com/archive/2008/08/24/the-evolution-of-mvc}
}
